@online{RPi1GB,
	url = "https://www.raspberrypi.org/products/raspberry-pi-2-model-b/",
}
